@inproceedings{Klein_EHACDEEKNSTW_09,
pages            = {207--220},
publisher        = {ACM},
booktitle        = {ACM Symposium on Operating Systems Principles},
month            = oct,
paperurl         = {https://ts.data61.csiro.au/publications/nicta_full_text/1852.pdf},
year             = {2009},
title            = {{seL4}: Formal Verification of an {OS} Kernel},
author           = {Klein, Gerwin and Elphinstone, Kevin and Heiser, Gernot and Andronick, June and Cock, David and
                    Derrin, Philip and Elkaduwe, Dhammika and Engelhardt, Kai and Kolanski, Rafal and Norrish, Michael
                    and Sewell, Thomas and Tuch, Harvey and Winwood, Simon},
address          = {Big Sky, MT, USA}
}

@article{Klein_AEHCDEEKNSTW_10,
doi              = {10.1145/1743546.1743574},
month            = jun,
journal          = {Communications of the ACM},
paperurl         = {https://ts.data61.csiro.au/publications/nicta_full_text/3783.pdf},
year             = {2010},
keywords         = {sel4, microkernel, verification},
volume           = {53},
title            = {{seL4}: Formal Verification of an Operating-System Kernel},
number           = {6},
author           = {Klein, Gerwin and Andronick, June and Elphinstone, Kevin and Heiser, Gernot and Cock, David and
                    Derrin, Philip and Elkaduwe, Dhammika and Engelhardt, Kai and Kolanski, Rafal and Norrish, Michael
                    and Sewell, Thomas and Tuch, Harvey and Winwood, Simon},
pages            = {107--115}
}

@inproceedings{Lyons_Heiser_14,
booktitle        = {Workshop on Mixed Criticality Systems},
month            = dec,
paperurl         = {https://ts.data61.csiro.au/publications/nicta_full_text/8354.pdf},
slides           = {http://ts.data61.csiro.au/publications/nicta_slides/8354.pdf},
year             = {2014},
editor           = {{Rob Davis and Liliana Cucu-Grosjean}},
keywords         = {mixed criticality, real time, microkernels, sel4, scheduling},
title            = {Mixed-Criticality Support in a High-Assurance, General-Purpose Microkernel},
author           = {Lyons, Anna and Heiser, Gernot},
address          = {Rome, Italy},
pages            = {9--14}
}


@misc{Cygwin,
title = {A brief history of the Cygwin project},
howpublished = {\url{https://cygwin.com/cygwin-ug-net/brief-history.html}},
note = {Accessed: 2020-04-25}
}

@misc{ enwikiCygwin,
author = "{Wikipedia contributors}",
title = "Cygwin --- {Wikipedia}{,} The Free Encyclopedia",
year = "2021",
url = "https://en.wikipedia.org/w/index.php?title=Cygwin&oldid=1018030936",
note = "[Online; accessed 26-April-2021]"
}

@misc{ enwikiWine,
author = "{Wikipedia contributors}",
title = "Wine (software) --- {Wikipedia}{,} The Free Encyclopedia",
year = "2021",
url = "https://en.wikipedia.org/w/index.php?title=Wine_(software)&oldid=1019608381",
note = "[Online; accessed 26-April-2021]"
}

@misc{Wine,
title = {Wine Developer's Guide},
howpublished = {\url{https://wiki.winehq.org/Wine_Developer's_Guide}},
note = {Accessed: 2020-04-25}
}

@misc{ enwikiqemu,
author = "{Wikipedia contributors}",
title = "QEMU --- {Wikipedia}{,} The Free Encyclopedia",
year = "2021",
url = "https://en.wikipedia.org/w/index.php?title=QEMU&oldid=1007971278",
note = "[Online; accessed 26-April-2021]"
}

@misc{QEMU,
title = {QEMU Internals},
howpublished = {\url{https://stuff.mit.edu/afs/sipb/project/phone-project/share/doc/qemu/qemu-tech.html}},
note = {Accessed: 2020-04-25}
}

@BOOK{JD06,
AUTHOR = {Jeff Dike},
YEAR = {2006},
TITLE = {User Mode Linux},
EDITION = {1rd},
PUBLISHER = {Prentice Hall}   }






